@article{ankowski2014,
  title={Measurement of the Spectral Function of $^{40}$Ar through the $(e, e^{\prime} p) $ reaction},
  author={Ankowski, A and Beminiwattha, R and Benhar, O and Crabb, DG and Day, DB and Garibaldi, F and Garvey, G and Gaskell, D and Giusti, C and Hansen, O and others},
  journal={arXiv preprint arXiv:1406.4080},
  year={2014}
}