@article{anderson2012first,
  title="First measurements of inclusive muon neutrino charged current differential cross sections on argon",
  author="Anderson, C and Antonello, M and Baller, B and Bolton, T and Bromberg, C and Cavanna, F and Church, E and Edmunds, D and Ereditato, A and Farooq, S and others",
  journal="Physical review letters",
  volume="108",
  number="16",
  pages="161802",
  year="2012",
  publisher="APS"
}