


@article{PhysRevC.86.044619,
  title = {Quantifying short-range correlations in nuclei},
  author = {Vanhalst, Maarten and Ryckebusch, Jan and Cosyn, Wim},
  journal = {Physical Review C},
  volume = {86},
  issue = {4},
  pages = {044619},
  numpages = {14},
  year = {2012},
  month = {Oct},
  publisher = {American Physical Society},
  doi = {10.1103/PhysRevC.86.044619},
}
@article{niyazov2004two,
  title={Two-Nucleon Momentum Distributions Measured in $^{3}\text{He} (e, e^\prime p p) n$},
  author={Niyazov, RA and Weinstein, LB and Adams, G and Ambrozewicz, P and Anciant, E and Anghinolfi, M and Asavapibhop, B and Asryan, G and Audit, G and Auger, T and others},
  journal={Physical Review Letters},
  volume={92},
  number={5},
  pages={052303},
  year={2004},
  publisher={APS}
}


@article{ankowski2014,
  title={Measurement of the Spectral Function of $^{40}$Ar through the $(e, e^{\prime} p) $ reaction},
  author={Ankowski, A and Beminiwattha, R and Benhar, O and Crabb, DG and Day, DB and Garibaldi, F and Garvey, G and Gaskell, D and Giusti, C and Hansen, O and others},
  journal={arXiv preprint arXiv:1406.4080},
  year={2014}
}

@article{anderson2012first,
  title="First measurements of inclusive muon neutrino charged current differential cross sections on argon",
  author="Anderson, C and Antonello, M and Baller, B and Bolton, T and Bromberg, C and Cavanna, F and Church, E and Edmunds, D and Ereditato, A and Farooq, S and others",
  journal="Physical Review Letters",
  volume="108",
  number="16",
  pages="161802",
  year="2012",
  publisher="APS"
}
@article{RevModPhys.30.430,
  title = {Electron Scattering and Nuclear Charge Distributions},
  author = {Ravenhall, D. G.},
  journal = {Reviews of Modern Physics},
  volume = {30},
  issue = {2},
  pages = {430--438},
  numpages = {0},
  year = {1958},
  month = {Apr},
  publisher = {American Physical Society},
  doi = {10.1103/RevModPhys.30.430},
}

@book{henley,
  title={Subatomic Physics},
  author={Henley, Ernest M and Garcia, Alejandro},
  year={2007},
  publisher={World Scientific}
}

@phdthesis{maarten,
  author={Vanhalst, Maarten},
  title={Quantifying short-range correlations in nuclei},
  school={Universiteit Gent},
  year={2014},
}

@article{symmetry_shape,
  title = {Systematics of Deformations of Atomic Nuclei},
  author = {Marshalek, Eugene and Person, Lucy Wu and Sheline, Raymond K.},
  journal = {Review of Modern Physics},
  volume = {35},
  issue = {1},
  pages = {108--116},
  numpages = {0},
  year = {1963},
  month = {Jan},
  publisher = {American Physical Society},
  doi = {10.1103/RevModPhys.35.108},
}

@book{shell_model,
  title={Theory of the nuclear shell model},
  author={Lawson, RD},
  year={1980},
  publisher={Clarendon Press Oxford}
}

@article{jensen,
  title = {On the "Magic Numbers" in Nuclear Structure},
  author = {Haxel, Otto and Jensen, J. Hans D. and Suess, Hans E.},
  journal = {Physical Review},
  volume = {75},
  issue = {11},
  pages = {1766--1766},
  numpages = {0},
  year = {1949},
  month = {Jun},
  publisher = {American Physical Society},
  doi = {10.1103/PhysRev.75.1766.2},
  url = {http://link.aps.org/doi/10.1103/PhysRev.75.1766.2}
}


@article{mayer,
  title = {On Closed Shells in Nuclei},
  author = {Mayer, Maria G.},
  journal = {Physical Review},
  volume = {74},
  issue = {3},
  pages = {235--239},
  numpages = {0},
  year = {1948},
  month = {Aug},
  publisher = {American Physical Society},
  doi = {10.1103/PhysRev.74.235},
  url = {http://link.aps.org/doi/10.1103/PhysRev.74.235}
}

@article{kobayashi,
  title={(p, 2p) Reactions on 9--16 C at 250 MeV/A},
  author={Kobayashi, T and Ozeki, K and Watanabe, K and Matsuda, Y and Seki, Y and Shinohara, T and Miki, T and Naoi, Y and Otsu, H and Ishimoto, S and others},
  journal={Nuclear Physics A},
  volume={805},
  number={1},
  pages={431c--438c},
  year={2008},
  publisher={Elsevier}
}

@article{ryckebusch2015stylized,
  title={Stylized features of single-nucleon momentum distributions},
  author={Ryckebusch, Jan and Vanhalst, Maarten and Cosyn, Wim},
  journal={Journal of Physics G: Nuclear and Particle Physics},
  volume={42},
  number={5},
  pages={055104},
  year={2015},
  publisher={IOP Publishing}
}

@article{wiringa2014nucleon,
  title={Nucleon and nucleon-pair momentum distributions in $Aâ‰¤ 12$ nuclei},
  author={Wiringa, Robert B and Schiavilla, Rocco and Pieper, Steven C and Carlson, J},
  journal={Physical Review C},
  volume={89},
  number={2},
  pages={024305},
  year={2014},
  publisher={APS}
}

@book{povh2008particles,
  title={Particles and nuclei: an introduction to the physical concepts},
  author={Povh, Bogdan and Lavelle, Martin and Rith, Klaus and Scholz, Christoph and Zetsche, Frank},
  year={2008},
  publisher={Springer Science \& Business Media}
}

@book{brody1967tables,
  title={Tables of transformation brackets for nuclear shell-model calculations},
  author={Brody, Thomas A and Moshinsky, Marco},
  year={1967},
  publisher={Gordon and Breach}
}

@article{wigner1932quantum,
  title={On the quantum correction for thermodynamic equilibrium},
  author={Wigner, Eugene},
  journal={Physical Review},
  volume={40},
  number={5},
  pages={749},
  year={1932},
  publisher={APS}
}

@article{moshinsky1959transformation,
  title="Transformation brackets for harmonic oscillator functions",
  author="Moshinsky, Marcos",
  journal="Nuclear Physics",
  volume="13",
  number="1",
  pages="104--116",
  year="1959",
  publisher="Elsevier"
  }
  
@article{ursescu2005symbolic,
  title={Symbolic algorithms for the computation of Moshinsky brackets and nuclear matrix elements},
  author={Ursescu, D and Tomaselli, M and Kuehl, T and Fritzsche, S},
  journal={Computer Physics Communications},
  volume={173},
  number={3},
  pages={140--161},
  year={2005},
  publisher={Elsevier}
}

@article{Griffiths,
title = "The mechanism of the direct interaction process at intermediate energies ",
journal = "Nuclear Physics ",
volume = "12",
number = "3",
pages = "225 - 236",
year = "1959",
note = "",
issn = "0029-5582",
doi = "http://dx.doi.org/10.1016/0029-5582(59)90168-3",
author = "R.J. Griffiths and R.M. Eisberg"
}

@article{PhysRev.120.254,
  title = {Application of the Phase Space Quasi-Probability Distribution to the Nuclear Shell Model},
  author = {Baker, George A. and McCarthy, Ian E. and Porter, Charles E.},
  journal = {Physical Review},
  volume = {120},
  issue = {1},
  pages = {254--264},
  numpages = {0},
  year = {1960},
  month = {Oct},
  publisher = {American Physical Society},
  doi = {10.1103/PhysRev.120.254},
}



@book{dimitri,
  title={Many-body theory exposed!: propagator description of quantum mechanics in many-body systems},
  author={Dickhoff, Willem Hendrik and Van Neck, Dimitri},
  year={2008},
  publisher={World Scientific}
}

@article{rutherford,
  title={Nuclear constitution of atoms},
  author={Rutherford, Ernest},
  journal={Proceedings of the Royal Society of London. Series A, Containing Papers of a Mathematical and Physical Character},
  pages={374--400},
  year={1920},
  publisher={JSTOR}
}
