@article{moshinsky1959transformation,
  title="Transformation brackets for harmonic oscillator functions",
  author="Moshinsky, Marcos",
  journal="Nuclear Physics",
  volume="13",
  number="1",
  pages="104--116",
  year="1959",
  publisher="Elsevier"
  }