@phdthesis{maarten,
  author={Vanhalst, Maarten},
  title={Quantifying short-range correlations in nuclei},
  school={Universiteit Gent},
  year={2014},
}