@book{povh2008particles,
  title={Particles and nuclei: an introduction to the physical concepts},
  author={Povh, Bogdan and Lavelle, Martin and Rith, Klaus and Scholz, Christoph and Zetsche, Frank},
  year={2008},
  publisher={Springer Science \& Business Media}
}