@article{ursescu2005symbolic,
  title={Symbolic algorithms for the computation of Moshinsky brackets and nuclear matrix elements},
  author={Ursescu, D and Tomaselli, M and Kuehl, T and Fritzsche, S},
  journal={Computer physics communications},
  volume={173},
  number={3},
  pages={140--161},
  year={2005},
  publisher={Elsevier}
}