@book{brody1967tables,
  title={Tables of transformation brackets for nuclear shell-model calculations},
  author={Brody, Thomas A and Moshinsky, Marco},
  year={1967},
  publisher={Gordon and Breach}
}